@IEEEtranBSTCTL{IEEEexample:BSTcontrol,
  CTLuse_forced_etal       = "yes",
  CTLmax_names_forced_etal = "3",
  CTLnames_show_etal       = "1" 
}

@Article{Hall2013,
author="Hall, Trevor J.
and Maldonado-Basilio, Ram{\'o}n
and Abdul-Majid, Sawsan
and Seregelyi, Joe
and Li, Ran
and Antol{\'i}n-P{\'e}rez, Irene
and Nikkhah, Hamdam
and Lucarz, Fr{\'e}d{\'e}ric
and de Bougrenet de La Tocnaye, Jean-Louis
and Fracasso, Bruno
and Pajusco, Patrice
and K{\"a}rnfelt, Camilla
and Bourreau, Daniel
and Ney, Michel
and Guemri, Rabiaa
and Josse, Yves
and Liu, Hexin",
title="Radio-over-Fibre access for sustainable Digital Cities",
journal="annals of telecommunications - annales des t{\'e}l{\'e}communications",
year="2013",
month="Feb",
day="01",
volume="68",
number="1",
pages="3--21",
issn="1958-9395",
doi="10.1007/s12243-012-0346-3",
url="https://doi.org/10.1007/s12243-012-0346-3"
}

@INPROCEEDINGS{hosein-2009, 
author={Hosein, P.}, 
booktitle={Proc. IEEE Global Commun. Conf. (GLOBECOM) Wksps}, 
title={Resource Allocation for the {LTE} Physical Downlink Control Channel}, 
year={2009}, 
address={Honolulu, HI, USA},
month={Nov.}, 
pages={1-5}, 
keywords={radio networks;resource allocation;telecommunication standards;user interfaces;LTE;long term evolution;physical downlink control channel;resource allocation;user equipment;wireless networks;wireless standard;Bandwidth;Downlink;Long Term Evolution;Measurement;Next generation networking;Power control;Resource management;Standards development;Standards organizations;Wireless networks}, 
doi={10.1109/GLOCOMW.2009.5360730}
}

@INPROCEEDINGS{7041873,
author={T. P. C. de Andrade and C. A. Astudillo and N. L. S. da Fonseca},
booktitle={Proc. IEEE Latin America Conf. Commun. (LATINCOM)},
title={The impact of massive machine type communication devices on the access probability of human-to-human users in {LTE} networks},
year={2014},
address={Cartagena, Colombia},
pages={1-6},
keywords={3G mobile communication;Long Term Evolution;mobile communication;radio access networks;resource allocation;3GPP;3rd generation partnership project;H2H services;HTC;LTE networks;MTC devices;RAN;access probability;cellular networks;contention-based random access procedure;human-to-human users;human-type communication;long term evolution network;machine type communication devices;radio access network;resource allocation;Delays;Long Term Evolution;Performance evaluation;Quality of service;Radio access networks;Synchronization;Uplink;LTE networks;Machine-type Communication and RAN overload problem;Random Access procedure},
doi={10.1109/LATINCOM.2014.7041873},
ISSN={2330-989X},
month={Nov.},}

@INPROCEEDINGS{7510815, 
author={G. Foddis and R. G. Garroppo and S. Giordano and G. Procissi and S. Roma and S. Topazzi}, 
booktitle={Proc. IEEE Int. Conf. Commun. (ICC)}, 
title={On {RACH} preambles separation between human and machine type communication}, 
year={2016},
address={Kuala Lumpur, Malaysia},
pages={1-6}, 
month={May},
keywords={Long Term Evolution;radio access networks;resource allocation;telecommunication traffic;HTC traffic;LTE-Advanced systems;RACH preambles separation;backoff indicator scheme;energy savings;human type communication;machine type communication;operational eNodeB;radio access network;radio resources;random access channel;resource allocation;statistical properties;Analytical models;Batteries;Delays;Energy consumption;Handover;Indexes;Probability;Backoff Indicator;Collision Probability;HTC;LTE;LTE-Advanced;MTC;RACH;Traffic Analysis}, 
doi={10.1109/ICC.2016.7510815}, 
}

@ARTICLE{salihu-2014,
AUTHOR = "Bala Alhaji Salihu and Dacheng Yang and Xin Zhang and Suleiman Zubair",
TITLE = "New Remapping Strategy for {PDCCH} Scheduling for {LTE-Advanced} Systems",
JOURNAL = "J. Commun.",
volume={9}, 
number={7}, 
PAGES = {563-571},
doi={10.12720/jcm.9.7.563-571},
YEAR = {2014}
}

@patent{moberg2011-patent,
  title={Method of Transmitting {CQI} Reports},
  author={Moberg, P. and Eriksson, E. and Jersenius, K.},
  url={http://www.google.com.br/patents/US20110021230},
  year={2011},
  month=jan # "~27",
  publisher={Google Patents},
  note={{US} Patent App. 12/934,742}
}

@ARTICLE{1623389, 
author={Daehyoung Hong and S. S. Rappaport}, 
journal = {{IEEE} Trans. Veh. Technol.},
title={Traffic model and performance analysis for cellular mobile radio telephone systems with prioritized and nonprioritized handoff procedures}, 
year={1986}, 
volume={35}, 
number={3}, 
pages={77-92}, 
keywords={Analytical models;Base stations;Frequency;Interference constraints;Land mobile radio;Performance analysis;Telephony;Termination of employment;Traffic control}, 
doi={10.1109/T-VT.1986.24076}, 
ISSN={0018-9545}, 
month={Aug.},}

@ARTICLE{6211484, 
author={M. Y. Cheng and G. Y. Lin and H. Y. Wei and A. C. C. Hsu}, 
journal={{IEEE} Commun. Mag.}, 
title={Overload control for Machine-Type-Communications in LTE-Advanced system}, 
year={2012}, 
volume={50}, 
number={6}, 
pages={38-45}, 
keywords={3G mobile communication;Long Term Evolution;radio access networks;3GPP LTE;LTE-Advanced system;MTC devices;RACH overload;RAN-level contention resolution method;core network overload mechanisms;machine-type communications;overload control approach;Long Term Evolution;Mobile communication;Radiation detectors;Radio access networks;Resource management;Signal resolution}, 
doi={10.1109/MCOM.2012.6211484}, 
ISSN={0163-6804}, 
month={June},}


@ARTICLE{7422406, 
author={M. Condoluci and M. Dohler and G. Araniti and A. Molinaro and J. Sachs}, 
journal={IEEE Wireless Commun.}, 
title={Enhanced Radio Access and Data Transmission Procedures Facilitating Industry-Compliant Machine-Type Communications over {LTE}-Based {5G} Networks}, 
year={2016}, 
volume={23}, 
number={1}, 
pages={56-63}, 
keywords={5G mobile communication;Long Term Evolution;codes;data communication;radio access networks;telecommunication channels;3GPP MTC access procedure;LTE-based 5G networks;MTC;SMS-like approach;alarm messages;cellular systems;connection-establishing access channel;control-compliant access delays;data transmission procedures;emergency alarm messages;industry-compliant machine-type communications;radio access;Computer aided manufacturing;Cryptography;Data communication;Data processing;Radio communication;Sensors;Vehicular ad hoc networks}, 
doi={10.1109/MWC.2016.7422406}, 
ISSN={1536-1284}, 
month={Feb.},}

@INPROCEEDINGS{Dimou2009,
author={K. Dimou and M. Wang and Y. Yang and M. Kazmi and A. Larmo and J. Pettersson and W. Muller and Y. Timner},
booktitle={Proc. IEEE 70th Veh. Technol. Conf. (VTC Fall)},
title={Handover within {3GPP} {LTE}: Design Principles and Performance},
year={2009},
address={Anchorage, AK, USA},
pages={1-5},
keywords={3G mobile communication;channel estimation;mobility management (mobile radio);radio networks;3GPP LTE;RRC signaling;handover;interruption time;long term evolution;system level simulations;Delay effects;Downlink;Error correction;Laboratories;Long Term Evolution;OFDM;Power measurement;Robust control;Telecommunication traffic;Throughput},
doi={10.1109/VETECF.2009.5378909},
ISSN={1090-3038},
month={Sept.},}



@INPROCEEDINGS{Capozzi-VTCFall2009,
author={Capozzi, F. and Laselva, D. and Frederiksen, F. and Wigard, J. and Kovacs, I.Z. and Mogensen, P.E.},
booktitle={Proc. IEEE 70th Veh. Technol. Conf. (VTC Fall)},
title={{UTRAN} {LTE} Downlink System Performance under Realistic Control Channel Constraints},
year={2009},
address={Anchorage, AK, USA},
month={Sept.},
pages={1-5},
keywords={3G mobile communication;frequency division multiple access;scheduling;UTRAN long term evolution;downlink data channel;dynamic packet scheduling;orthogonal frequency division multiple access;physical downlink control channel;Base stations;Control systems;Decoding;Downlink;Long Term Evolution;OFDM;Power system modeling;Resource management;Scheduling algorithm;System performance},
doi={10.1109/VETECF.2009.5378831},
ISSN={1090-3038}
}

@INPROCEEDINGS{Astudillo-Globecom2013,
author={Astudillo, C.~A. and Freitag Borin, J. and da Fonseca, N.~L.~S.},
booktitle={Proc. IEEE Global Commun. Conf. (GLOBECOM)},
title={{LTE} time-domain uplink scheduler for {QoS} provisioning},
year={2013},
address={Atlanta, GA, USA},
month={Dec.},
pages={1458-1463},
keywords={Long Term Evolution;quality of service;real-time systems;scheduling;telecommunication traffic;time-domain analysis;LTE time-domain uplink scheduler;PLR;QoS aware;QoS provisioning;Z-based QoS scheduler;ZBQoS scheduler;bandwidth aware;delay bound;guaranteed rate;heterogeneous traffic;packet loss ratio;quality of service;real-time traffic;standard-compliant;Delays;Frequency-domain analysis;Quality of service;Scheduling algorithms;Time-domain analysis;Uplink;LTE;Quality of service;Radio access networks;Resource management;Scheduling algorithm},
doi={10.1109/GLOCOM.2013.6831279}
}

@article{Seo2012,
author = {Seo, Jun Bae and Leung, Victor C M},
doi = {10.1109/TWC.2012.100112.112254},
file = {:local1/castudillo/Files2Medeley/06327307.pdf:pdf},
issn = {15361276},
journal = {{IEEE} Trans. Wireless Commun.},
keywords = {ICC17Ref,Multiaccess communication,SPS,VoIP,access protocol,algorithm design and analysis,cellular networks,communication system signalling},
mendeley-groups = {0. PhD Thesis/3. Random Access},
mendeley-tags = {SPS,VoIP,ICC17Ref},
number = {12},
pages = {4446--4456},
title = {{Performance modeling and stability of semi-persistent scheduling with initial random access in LTE}},
volume = {11},
year = {2012},
month={Dec.},
}

@inbook{Backhaul_book,
title = {Planning and Optimizing Mobile Backhaul for LTE},
author = {Lilius, Raija and Salo, Jari and Pérez, José Manuel Tapia and Metsälä, Esa Markus},
publisher = {John Wiley and Sons, Ltd},
isbn = {9781118924655},
url = {http://dx.doi.org/10.1002/9781118924655.ch5},
doi = {10.1002/9781118924655.ch5},
pages = {129--237},
keywords = {link bandwidth dimensioning, long-term evolution, LTE backhaul optimization, mobile backhaul, network topology, quality of service, resiliency planning, self-organizing networks, synchronization planning, transport media},
booktitle = {LTE Backhaul},
year = {2015},
}

@INPROCEEDINGS{Latincom2015-sps, 
author={T. P. C. de Andrade and C. A. Astudillo and N. L. S. da Fonseca}, 
booktitle={7th IEEE Latin-American Conference on Communications (LATINCOM)}, 
title={Impact of {M2M} traffic on human-type communication users on the {LTE} uplink channel}, 
year={2015}, 
pages={1-6}, 
keywords={Internet telephony;Long Term Evolution;cellular radio;frequency division multiplexing;quality of service;resource allocation;telecommunication scheduling;telecommunication traffic;wireless channels;HTC users;LTE networks;LTE uplink channel;M2M traffic impact;MTC markets;PDCCH;QoS-aware packet scheduling;VoIP traffic;cellular networks;human-type communication users;long term evolution networks;machine-to-machine traffic;machine-type communication;physical downlink control channel;quality of service support framework;radio resource allocation method;semipersistent scheduling scheme;service requirements;sporadic traffic per terminal;voice-over-IP video;Downlink;Dynamic scheduling;Long Term Evolution;Quality of service;Resource management;Scheduling algorithms;Uplink;Human-type Communications and Semi-persistent scheduling;Long Term Evolution;Machine-type Communications}, 
doi={10.1109/LATINCOM.2015.7430142}, 
month={Nov},}

@article{Piro2011,
  author = {Piro, G. and Grieco, L.~A. and Boggia, G. and Capozzi, F. and Camarda,
	P.},
  title = {Simulating {LTE} Cellular Systems: An Open-Source Framework},
  journal = {{IEEE} Trans. Veh. Technol.},
  year = {2011},
  volume = {60},
  pages = {498-513},
  number = {2},
  doi = {10.1109/TVT.2010.2091660},
  issn = {0018-9545},
  timestamp = {2013.03.29}
}

@article{piro-2011,
author = {Piro, Giuseppe and Grieco, Luigi Alfredo and Boggia, Gennaro and Capozzi, Francesco and Camarda, Pietro},
doi = {10.1109/TVT.2010.2091660},
isbn = {0018-9545},
issn = {00189545},
journal = {{IEEE} Trans. Veh. Technol.},
keywords = {LTE-Sim,Long-term evolution (LTE),Simulators,Traffic Model,modeling,performance evaluation,simulation},
mendeley-tags = {Simulators,LTE-Sim,Traffic Model},
number = {2},
pages = {498--513},
title = {{Simulating LTE cellular systems: An open-source framework}},
volume = {60},
year = {2011},
month={Feb.}
}


@ARTICLE{7457594, 
author={T. P. C. de Andrade and C. A. Astudillo and N. L. S. da Fonseca},
journal={IEEE Internet of Things J.},
title={Allocation of Control Resources for Machine-to-Machine and Human-to-Human Communications Over {LTE}/{LTE-A} Networks},
year={2016},
volume={3},
number={3},
pages={366-377},
keywords={Downlink;Internet of things;Long Term Evolution;Quality of service;Resource management;Scheduling algorithms;Uplink;LTE;LTE-A;LTE-Advanced (LTE-A);Long-term evolution (LTE);Machine-Type Communications;PDCCH scheduling algorithm;Random-access procedure;machine-type communications (MTCs);packet downlink control channel (PDCCH) scheduling algorithm;random-access (RA) procedure}, 
doi={10.1109/JIOT.2016.2557240}, 
ISSN={2327-4662}, 
month={June}
}

@INPROCEEDINGS{7248778, 
author={T. Kim and K. S. Ko and D. K. Sung}, 
booktitle={Proc. IEEE Int. Conf. Commun. (ICC)}, 
title={Prioritized random access for machine-to-machine communications in {OFDMA} based systems}, 
year={2015},
address={London, UK},
pages={2967-2972}, 
keywords={OFDM modulation;cellular radio;quality of service;random processes;OFDMA based systems;access delay;access priority;collision probability;machine nodes;machine-to-machine communications;prioritized random access;quality-of-service;transmission power level;Delays;Machine-to-machine communications;Mobile communication;Mobile computing;Quality of service;Random variables;Wireless communication;Machine-to-Machine;access priority;fixed-location;random access;timing alignment}, 
doi={10.1109/ICC.2015.7248778}, 
ISSN={1550-3607}, 
month={June},}

@article{ComMag-IoT,
	author={T. P. C. de Andrade and C. A. Astudillo and L. R. Sekijima and N. L. S. da Fonseca},
	journal={{IEEE} Commun. Mag.},
	title={The Random Access Procedure in Long Term Evolution Networks for the {Internet of Things}},
	year={2017},
	volume={55},
    number={3}, 
	month={March},
	doi={10.1109/MCOM.2017.1600555CM},
	ISSN={0163-6804},
}

@inproceedings{Tiaguito-Latincom,
	author={de Andrade, T.~P.~C. and Astudillo, Carlos A. and  da Fonseca, Nelson L.~S.},
	booktitle={Communications (LATINCOM), 2014 IEEE Latin-America Conference on}, 
	booktitle={IEEE Latin America Conference on Communications (Latincom)},
	title={The Impact of Massive Machine Type Communication Devices on the Access Probability of Human-to-Human Users in {LTE} Networks},
	year={2014},
	month={Nov}, 
    pages={1-6}
}

@inproceedings{gerasimenko-2012,
	author={Gerasimenko, M. and Petrov, V. and Galinina, O. and Andreev, S. and Koucheryavy, Y.},
	booktitle={2012 IEEE Globecom Wkshps},
	title={Energy and delay analysis of {LTE}-Advanced {RACH} performance under {MTC} overload},
	year={2012},
	month={Dec.},
	pages={1632-1637},
	doi={10.1109/GLOCOMW.2012.6477830}
}

@article{hu-2011,
	author={Hu, R.Q. and Yi Qian and Hsiao-Hwa Chen and Jamalipour, A.},
	journal={{IEEE} Commun. Mag.},
	title={Recent progress in machine-to-machine communications},
	year={2011},
	month={April},
	volume={49},
	number={4},
	pages={24-26},
	keywords={Ad hoc networks;Machine learning;Quality of service;Security;Smart grids;Special issues and sections;Wireless networks;Wireless sensor networks},
	doi={10.1109/MCOM.2011.5741142},
	ISSN={0163-6804}
}

@inproceedings{phuyal-2012,
	author={Phuyal, U. and Koc, A.T. and Mo-Han Fong and Vannithamby, R.},
	booktitle={Signals, Systems and Computers (ASILOMAR), 2012 Conference Record of the Forty Sixth Asilomar Conference on},
	title={Controlling access overload and signaling congestion in {M2M} networks},
	year={2012},
	month={November},
	pages={591-595},
	doi={10.1109/ACSSC.2012.6489075},
	ISSN={1058-6393}
}

@article{cheng-2012,
	author={Ming-Yuan Cheng and Guan-Yu Lin and Hung-Yu Wei and Hsu, A.C.-C.},
	journal={{IEEE} Commun. Mag.},
	title={Overload control for Machine-Type-Communications in {LTE}-Advanced system},
	year={2012},
	month={June},
	volume={50},
	number={6},
	pages={38-45},
	keywords={3G mobile communication;Long Term Evolution;radio access networks;3GPP LTE;LTE-Advanced system;MTC devices;RACH overload;RAN-level contention resolution method;core network overload mechanisms;machine-type communications;overload control approach;Long Term Evolution;Mobile communication;Radiation detectors;Radio access networks;Resource management;Signal resolution},
	doi={10.1109/MCOM.2012.6211484},
	ISSN={0163-6804}
}

@article{ko-2012,
	author={Kab Seok Ko and Min Jeong Kim and Kuk Yeol Bae and Dan Keun Sung and Jae Heung Kim and Jae Young Ahn},
	journal={Communications Letters, IEEE},
	title={A Novel Random Access for Fixed-Location Machine-to-Machine Communications in {OFDMA} Based Systems},
	year={2012},
	month={September},
	volume={16},
	number={9},
	pages={1428-1431},
	doi={10.1109/LCOMM.2012.072012.120788},
	ISSN={1089-7798}
}

@article{taleb-2012, 
	author={Taleb, T. and Kunz, A.},
	journal={{IEEE} Commun. Mag.},
	title={Machine type communications in {3GPP} networks: Potential, challenges and solutions},
	year={2012},
	month={March},
	volume={50},
	number={3},
	pages={178-184},
	doi={10.1109/MCOM.2012.6163599}
}

@inproceedings{anthonyLo-2012,
    author={Lo, Anthony and Wei, Law Yee and Jacobsson, Martin and Kucharzak, Michal},
    title={Enhanced {LTE-Advanced} Random-Access Mechanism for Massive Machine-to-Machine ({M2M}) Communications},
    booktitle={27th Wireless World Research Forum (WWRF27)},
    year={2011}
}

@inproceedings{kouzayha-2013, 
    author={Kouzayha, Nour and Taher, Nada Chendeb and Ghamri-Doudane, Yacine}, 
    booktitle={Advances in Biomedical Engineering (ICABME), 2013 2nd International Conference on}, 
    title={Towards a better support of Machine Type Communication in {LTE}-networks: Analysis of random access mechanisms},
    year={2013}, 
    month={September}, 
    pages={57-60}, 
    doi={10.1109/ICABME.2013.6648846}
}

@inproceedings{potsch-2013,
    author={Potsch, T. and Khan Marwat, S.N. and Zaki, Y. and Gorg, C.},
    booktitle={Wireless and Mobile Networking Conference (WMNC), 2013 6th Joint IFIP},
    title={Influence of future {M2M} communication on the {LTE} system},
    year={2013},
    month={April},
    pages={1-4},
    doi={10.1109/WMNC.2013.6549000}
}

@techreport{3gpp-lte-36321,
    author = {3GPP},
    title = {{E}volved {U}niversal {T}errestrial {R}adio {A}ccess ({E-UTRA}); {M}edium {A}ccess {C}ontrol ({MAC}) protocol specification},
    type = {TS},
    institution = {3rd Generation Partnership Project (3GPP)},
    number = {36.321},
    revision = {v. 11.3.0},
    month = {July},
    year = {2013}
}

@manual{3gpp-lte-37868,
    organization = {3rd Generation Partnership Project (3GPP)},
    title = {{T}echnical {S}pecification {G}roup {R}adio {A}ccess {N}etwork; {S}tudy on {RAN} {I}mprovements for {M}achine-type {C}ommunications},
    howpublished  = {TR 37.868},
    type = {TR},
    number = {37.868},
    revision = {v. 11.0.0},
    month = {Sept.},
    year = {2011}
}

@techreport{3gpp-lte-36211,
    author = {3GPP},
    title = {{E}volved {U}niversal {T}errestrial {R}adio {A}ccess ({E-UTRA}); {P}hysical channels and modulation},
    type = {TS},
    institution = {3rd Generation Partnership Project (3GPP)},
    number = {36.211},
    revision = {v. 11.4.0},
    month = {October},
    year = {2013}
}

@book{sesia-2011,
	title = {{LTE} - The {UMTS} Long Term Evolution: From Theory to Practice},
	publisher = {Wiley},
	year = {2011},
	author = {Sesia, S. and Toufik, I. and Baker, M.},
	isbn = {9780470978511}
}

@inproceedings{cheng-2011,
    author={Jen-Po Cheng and Chia-han Lee and Tzu-Ming Lin},
    booktitle={2011 IEEE GLOBECOM Wkshps},
    title={Prioritized Random Access with dynamic access barring for {RAN} overload in {3GPP} {LTE-A} networks},
    year={2011},
    month={Dec.},
    pages={368-372},
    keywords={3G mobile communication;Long Term Evolution;access protocols;radio access networks;telecommunication channels;3GPP LTE-A networks;LTE-A medium access control;MAC;MTC devices;PRA;RACH;RAN overload;dynamic access barring;machine-type communications devices;prioritized random access;radio access network;random access channel;Computer architecture;Delay;Educational Activities Board;Hospitals;Quality of service;Radio access networks;Resource management},
    doi={10.1109/GLOCOMW.2011.6162473}
}

@inproceedings{sheu-2012,
    author={Shiann-Tsong Sheu and Chun-Hsiang Chiu and Yen-Chieh Cheng and Kai-Hua Kuo},
    booktitle={Mobile and Wireless Networking (iCOST), 2012 International Conference on Selected Topics in},
    title={Self-adaptive persistent contention scheme for scheduling based Machine Type Communications in {LTE} system},
    year={2012},
    month={July},
    pages={77-82},
    keywords={Long Term Evolution;bandwidth allocation;telecommunication congestion control;telecommunication terminals;telecommunication traffic;LTE system;Long Term Evolution;backward compatibility;collision rate;communication terminals;congestion problem;human-machine interaction;mobile communication service;scheduling-based MTC;scheduling-based machine type communications;self-adaptive persistent contention scheme;traffic requirement;transmission efficiency;uplink bandwidth utilization improvement;wireless communication framework;Bandwidth;Delay;Humans;Indexes;Mobile communication;Performance evaluation;Simulation;Contention scheme;Long Term Evolution (LTE);Machine Type Communication (MTC);OPNET Simulator},
    doi={10.1109/iCOST.2012.6271294}
}

@inproceedings{ludwig-2006,
    author={Ludwig, R. and Ekstrom, H. and Willars, P. and Lundin, N.},
    booktitle={Vehicular Technology Conference, 2006. VTC 2006-Spring. IEEE 63rd},
    title={An Evolved {3GPP} {QoS} Concept},
    year={2006},
    month={May},
    volume={1},
    pages={388-392},
    keywords={3G mobile communication;DiffServ networks;IP networks;broadband networks;computer network management;mobility management (mobile radio);quality of service;telecommunication congestion control;3GPP broadband shared channels;DiffServ;IP-based services;evolved 3GPP QoS concept;management plane;policy charging rule function;quality of service;session admission control;Costs;DSL;Diffserv networks;Digital multimedia broadcasting;Proposals;Quality of service;Radio access networks;Telecommunication traffic;Terminology;Web and internet services;3G Evolution;DiffServ;Quality of Service (QoS)},
    doi={10.1109/VETECS.2006.1682842},
    ISSN={1550-2252}
}

@inproceedings{amokrane-2012,
    author={Amokrane, A and Ksentini, A and Hadjadj-Aoul, Y. and Taleb, T.},
    booktitle={IEEE Int. Conf. Commun. (ICC)},
    title={Congestion control for machine type communications},
    year={2012},
    month={June},
    pages={778-782},
    keywords={cellular radio;probability;radio access networks;telecommunication congestion control;telecommunication signalling;three-term control;MTC device;cellular-based machine type communications;computer simulation;congestion control;congestion-aware admission control solution;mobile core network;probability;proportional integrative derivative controller;radio access network;resource target utilization ratio;signaling message rejection;Admission control;Humans;Mobile communication;Mobile computing;Performance evaluation;Radio access networks;Servers},
    doi={10.1109/ICC.2012.6364152},
    ISSN={1550-3607}
}

@inproceedings{jian-2013,
    author={Xin Jian and Yunjian Jia and Xiaoping Zeng and Junyi Yang},
    booktitle={Wireless and Optical Communication Conference (WOCC), 2013 22nd},
    title={A novel class-dependent back-off scheme for Machine Type Communication in LTE systems},
    year={2013},
    month={May},
    pages={135-140},
    keywords={Long Term Evolution;cellular radio;radio access networks;LTE systems;Long Term Evolution;MTC user equipments;cellular mobile networks;machine to machine communication;machine type communication;radio access network congestion;random access channel;Machine type communication;RAN overload contol;access class barring;class-dependent back-off scheme},
    doi={10.1109/WOCC.2013.6676356}
}

@article{kartsakli-2014,
    author = {Kartsakli, Elli and Lalos, Aris S. and Antonopoulos, Angelos and Tennina, Stefano and Renzo, Marco Di and Alonso, Luis and Verikoukis, Christos},
    title = {A Survey on {M2M} Systems for m{H}ealth: A Wireless Communications Perspective},
    journal = {Sensors},
    volume = {14},
    year = {2014},
    number = {10},
    pages = {18009--18052},
    url = {http://www.mdpi.com/1424-8220/14/10/18009},
    issn = {1424-8220},
    doi = {10.3390/s141018009}
}

@article{serra-2014,
    author = {Serra, Jordi and Pubill, David and Antonopoulos, Angelos and Verikoukis, Christos},
    title = {Smart {HVAC} Control in {I}o{T}: Energy Consumption Minimization with User Comfort Constraints},
    journal = {The Scientific World Journal},
    year = {2014}
}

@INPROCEEDINGS{arouk-2015,
author={O. Arouk and A. Ksentini and T. Taleb}, 
booktitle={Proc. IEEE Global Commun. Conf. (GLOBECOM)}, 
title={Performance Analysis of {RACH} Procedure with Beta Traffic-Activated Machine-Type-Communication}, 
year={2015}, 
address={San Diego, CA, USA},
pages={1-6}, 
keywords={3G mobile communication;recursive estimation;statistical distributions;telecommunication congestion control;telecommunication traffic;wireless channels;3GPP;3rd Generation Partnership Project;CDF;GRE;ITS;MTC devices;RA slot;RACH procedure;RAN;beta distribution traffic model;beta traffic-activated machine-type-communication;congestion control methods;core network;cumulative distribution function;cyber physical systems;eHealth;general recursive estimation;intelligent transport system;performance analysis;radio access network;random access channel;random access slot;recursive operation-based analytical model;smart city;smart grid;smart systems;system overload;uniform distribution traffic model;Analytical models;Long Term Evolution;Performance evaluation;Radio access networks;Recursive estimation;Synchronization;Uplink}, 
doi={10.1109/GLOCOM.2015.7417095}, 
month={Dec.}
}